<?xml version="1.0" encoding="UTF-8"?><collection xmlns="http://www.loc.gov/MARC21/slim"><record><leader>00465nam--2200145-i-4500</leader><controlfield tag="001">000034954</controlfield><controlfield tag="002">20161230</controlfield><controlfield tag="005">20161230201040</controlfield><controlfield tag="008">060222s1000------------r-----000-0-eng-d</controlfield><datafield ind1=" " ind2=" " tag="080"><subfield code="a">621.35</subfield></datafield><datafield ind1=" " ind2=" " tag="100"><subfield code="a">Nancollas, George H</subfield></datafield><datafield ind1=" " ind2=" " tag="245"><subfield code="a">Interactions in electrplyte solutions.(metal complex and ion-pair formation in solution)</subfield></datafield><datafield ind1=" " ind2=" " tag="260"><subfield code="a">Amsterdam, Elsevier Publ. Co, 1966. X + 214p</subfield></datafield><datafield ind1=" " ind2=" " tag="490"><subfield code="a">Topics In Inorganic And General Chemistry, Monograph</subfield></datafield><datafield ind1=" " ind2=" " tag="852"><subfield code="a">21145</subfield></datafield></record></collection>